
@article{cvm2009,
	Author = {CVM},
	Title = {Mercado FOREX:
	SÃ©rie alertas},
	Year = {2009},
	Url = {http://www.cvm.gov.br/port/Alertas/mercadoForex.pdf}
}
